@article{bowman:reasoning,
  author = {Bowman, John},
  title = {Reasoning with Logic: A Guide},
  journal = {Journal of Logical Reasoning},
  year = {1995},
  volume = {10},
  number = {2},
  pages = {123-134}
}

@article{clark:pct,
  author = {Clark, Sarah},
  title = {Principles of Computer Theory},
  journal = {International Journal of Theoretical Computer Science},
  year = {1998},
  volume = {15},
  number = {4},
  pages = {345-356}
}

@book{braams:babel,
  author = {Braams, S. J.},
  title = {Understanding Babel: A Comprehensive Guide},
  publisher = {Publishing House},
  year = {1997}
}

@book{herlihy:methodology,
  author = {Herlihy, M. and Rajasekaran, S.},
  title = {The Methodology of Computer Science},
  publisher = {Tech Publishers},
  year = {2000},
  edition = {3rd}
}

@book{salas:calculus,
  author = {Salas, S. and Hille, E.},
  title = {Calculus: One and Several Variables},
  publisher = {Wiley},
  year = {1990},
  edition = {7th}
}

@book{Lamport:LaTeX,
  author = {Lamport, Leslie},
  title = {LaTeX: A Document Preparation System},
  publisher = {Addison-Wesley},
  year = {1986},
  edition = {2nd}
}
