@inproceedings{hajlaoui20204g,
  title = {4G and 5G technologies: A Comparative Study},
  author = {Hajlaoui, Emna and Zaier, Aida and Khlifi, Abdelhakim and Ghodhbane, Jihed and Ben Hamed, Mouna and Sbita, Lassad},
  booktitle = {2020 5th International Conference on Advanced Technologies for Signal and Image Processing (ATSIP)},
  pages = {1--6},
  year = {2020},
  organization = {IEEE}
}
@article{dangi2021study,
  title = {Study and investigation on 5G technology: A systematic review},
  author = {Dangi, Ramraj and Lalwani, Praveen and Choudhary, Gaurav and You, Ilsun and Pau, Giovanni},
  journal = {Sensors},
  volume = {22},
  number = {1},
  pages = {26},
  year = {2021},
  publisher={MDPI}
}
@article{sharevski2018towards,
  title={Towards 5G cellular network forensics},
  author={Sharevski, Filipo},
  journal={EURASIP Journal on Information Security},
  volume={2018},
  pages={1--16},
  year={2018},
  publisher={Springer}
}
@article{jover2019current,
  title = {The current state of affairs in 5G security and the main remaining security challenges},
  author = {Jover, Roger Piqueras},
  journal = {arXiv preprint},
  year = {2019},
  eprint = {1904.08394}
}
@article{tan2001forensic,
  title={Forensic readiness},
  author={Tan, John},
  journal={Cambridge, MA: Stake},
  volume={1},
  year={2001},
  publisher={Citeseer}
}
@article{condoluci2018softwarization,
  title={Softwarization and virtualization in 5G mobile networks: Benefits, trends and challenges},
  author={Condoluci, Massimo and Mahmoodi, Toktam},
  journal={Computer Networks},
  volume={146},
  pages={65--84},
  year={2018},
  publisher={Elsevier}
}
@INPROCEEDINGS{smith2023example,
  author = {John Smith and Jane Doe},
  title = {An Example of Conference Paper Citation in BibTeX},
  booktitle = {Proceedings of the International Conference on Sample Topics},
  year = {2023},
  pages = {123--130},
  organization = {IEEE},
  publisher = {IEEE Press},
  address = {New York, NY},
  doi = {10.1109/ICST.2023.00001}
}
@article{cardoso2020softwarized,
  author = {Cardoso, Kleber Vieira and Both, Cristiano Bonato and Prade, L{\'u}cio Rene and Macedo, Ciro JA and Lopes, Victor Hugo L},
  title = {A softwarized perspective of the 5G networks},
  journal = {arXiv preprint arXiv:2006.10409},
  year = {2020},
  archivePrefix = {arXiv},
  eprint = {2006.10409}
}
@article{elyas2015digital,
  title={Digital forensic readiness: Expert perspectives on a theoretical framework},
  author={Elyas, Mohamed and Ahmad, Atif and Maynard, Sean B. and Lonie, Andrew},
  journal={Computers \& Security},
  volume={52},
  pages={70--89},
  year={2015},
  publisher={Elsevier}
}
@inproceedings{10.1145/3317549.3319728,
  author = {Shaik, Altaf and Borgaonkar, Ravishankar and Park, Shinjo and Seifert, Jean-Pierre},
  title = {New vulnerabilities in 4G and 5G cellular access network protocols: exposing device capabilities},
  year = {2019},
  isbn = {9781450367264},
  publisher = {Association for Computing Machinery},
  url = {https://doi.org/10.1145/3317549.3319728},
  doi = {10.1145/3317549.3319728},
  booktitle = {Proceedings of the 12th Conference on Security and Privacy in Wireless and Mobile Networks},
  pages = {221--231},
  numpages = {11},
  location = {Miami, Florida},
  series = {WiSec '19'}
}
@book{aarnes2017digital,
  title={Digital forensics},
  author={{\AA}rnes, Andr{\'e}},
  year={2017},
  publisher={John Wiley \& Sons},
  pages={4--5}
}
@article{jeyaraman2006empirical,
  title={An empirical study of automatic event reconstruction systems},
  author={Jeyaraman, Sundararaman and Atallah, Mikhail J},
  journal={digital investigation},
  volume={3},
  pages={108--115},
  year={2006},
  publisher={Elsevier}
}
@inproceedings{9089494,
  author = {Makura, Sheunesu M. and Venter, H. S. and Ikuesan, Richard Adeyemi and Kebande, Victor R. and Karie, Nickson M.},
  title = {Proactive Forensics: Keystroke Logging from the Cloud as Potential Digital Evidence for Forensic Readiness Purposes},
  booktitle = {2020 IEEE International Conference on Informatics, IoT, and Enabling Technologies (ICIoT)},
  year = {2020},
  pages = {200--205},
  keywords = {Cloud computing, Digital forensics, Malware, Security, Digital forensic readiness, Evidence, Hashing, Keystrokes},
  doi = {10.1109/ICIoT48696.2020.9089494}
}
@misc{POPIA2019,
  title        = {Protection of Personal Information Act 2019},
  author       = {Republic of South Africa},
  year         = {2019},
  howpublished = {Government Printer},
  note         = {Available at: \url{https://popia.co.za/section-14-retention-and-restriction-of-records/}},
}
@article{regulation2016regulation,
  title={Regulation (EU) 2016/679 of the European Parliament and of the Council},
  author={Regulation, Protection},
  journal={Regulation (eu)},
  volume={679},
  pages={2016},
  year={2016}
}
@inproceedings{valjarevic2016iso,
  title={ISO/IEC 27043: 2015—Role and application},
  author={Valjarevi{\'c}, Aleksandar and Venter, Hein and Petrovi{\'c}, Ranko},
  booktitle={2016 24th Telecommunications Forum (TELFOR)},
  pages={1--4},
  year={2016},
  organization={IEEE}
}
@misc{iso27043,
  author       = {{International Organization for Standardization}},
  title        = {ISO/IEC 27043:2015 - Information technology -- Security techniques -- Incident investigation principles and processes},
  year         = {2015},
  howpublished = {\url{https://www.iso.org/standard/44407.html}},
  note         = {Accessed: 2024-10-06}
}
@article{thorogood2007lawful,
  title={Lawful interception},
  author={Thorogood, Rupert and Brookson, Charles},
  journal={TELEKTRONIKK},
  volume={103},
  number={2},
  pages={33},
  year={2007},
  publisher={TELEDIREKTORATET}
}
@inproceedings{farahmandian2016security,
  title={Security for software-defined (cloud, SDN and NFV) infrastructures--issues and challenges},
  author={Farahmandian, Sara and Hoang, Doan B},
  booktitle={Eight international conference on network and communications security},
  year={2016}
}
@article{zhang2019overview,
  title={An overview of network slicing for 5G},
  author={Zhang, Shunliang},
  journal={IEEE Wireless Communications},
  volume={26},
  number={3},
  pages={111--117},
  year={2019},
  publisher={IEEE}
}
@article{behnke2019nfv,
  title = {NFV-driven Intrusion Detection for Smart Manufacturing},
  author = {Behnke, Daniel and Müller, Marcel and Bök, Patrick-Benjamin and Schneider, Stefan and Peuster, Manuel and Karl, Holger and Rocha, Alberto and Mesquita, Miguel and Bonnet, José},
  booktitle = {2019 IEEE Conference on Network Function Virtualization and Software Defined Networks (NFV-SDN)},
  pages = {1--6},
  year = {2019},
  publisher = {IEEE},
  organization = {IEEE}
}
@article{scarfone2007guide,
  title={Guide to intrusion detection and prevention systems (idps)},
  author={Scarfone, Karen and Mell, Peter and others},
  journal={NIST special publication},
  volume={800},
  number={2007},
  pages={94},
  year={2007}
}
@article{kebande2018digital,
  title={On digital forensic readiness in the cloud using a distributed agent-based solution: issues and challenges},
  author={Kebande, Victor R and Venter, Hein S},
  journal={Australian Journal of Forensic Sciences},
  volume={50},
  number={2},
  pages={209--238},
  year={2018},
  publisher={Taylor \& Francis}
}
@inproceedings{makura2024towards,
  title={Towards the Development of a Digital Forensic Readiness Model for 5G NFV Environments},
  author={Makura, Sheunesu and Venter, Hein},
  booktitle={2024 IST-Africa Conference (IST-Africa)},
  pages={1--12},
  year={2024},
  organization={IEEE}
}
@misc{etsi2023,
  author = {ETSI},
  title = {NFV descriptors based on TOSCA specification},
  publisher = {ETSI},
  year = {2023},
  note = {Available at: \url{https://www.etsi.org/deliver/etsi\_gs/NFV-SOL/001\_099/001/02.06.01\_60/gs\_NFV-SOL001v020601p.pdf}},
}
@inproceedings{bialecki2012apache,
  title={Apache lucene 4},
  author={Bia{\l}ecki, Andrzej and Muir, Robert and Ingersoll, Grant and Imagination, Lucid},
  booktitle={SIGIR 2012 workshop on open source information retrieval},
  pages={17},
  year={2012}
}
@inproceedings{boldyreva2007closer,
  title={A closer look at PKI: Security and efficiency},
  author={Boldyreva, Alexandra and Fischlin, Marc and Palacio, Adriana and Warinschi, Bogdan},
  booktitle={Public Key Cryptography--PKC 2007: 10th International Conference on Practice and Theory in Public-Key Cryptography Beijing, China, April 16-20, 2007. Proceedings 10},
  pages={458--475},
  year={2007},
  organization={Springer}
}
@article{kumar2006ping,
  title={PING attack--How bad is it?},
  author={Kumar, Sanjeev},
  journal={Computers  Security},
  volume={25},
  number={5},
  pages={332--337},
  year={2006},
  publisher={Elsevier}
}
@inproceedings{wilkens2022passive,
  title={Passive, transparent, and selective TLS decryption for network security monitoring},
  author={Wilkens, Florian and Haas, Steffen and Amann, Johanna and Fischer, Mathias},
  booktitle={IFIP International Conference on ICT Systems Security and Privacy Protection},
  pages={87--105},
  year={2022},
  organization={Springer}
}
